<record><leader>00000cas a22000007a 4500</leader><controlfield tag="001">9861005</controlfield><controlfield tag="008">830830d18201828nyuwr ne      0    0eng d</controlfield><datafield ind1=" " ind2=" " tag="010"><subfield code="a">sn 83031368 </subfield></datafield><datafield ind1=" " ind2=" " tag="040"><subfield code="a">NPU</subfield><subfield code="b">eng</subfield><subfield code="c">NPU</subfield><subfield code="d">NPX</subfield><subfield code="d">NYS</subfield><subfield code="d">OCL</subfield><subfield code="d">OCLCQ</subfield><subfield code="d">OCLCF</subfield><subfield code="d">OCLCO</subfield></datafield><datafield ind1="1" ind2=" " tag="029"><subfield code="a">AU@</subfield><subfield code="b">000020127498</subfield></datafield><datafield ind1=" " ind2=" " tag="042"><subfield code="a">msc</subfield></datafield><datafield ind1=" " ind2=" " tag="043"><subfield code="a">n-us-ny</subfield></datafield><datafield ind1="0" ind2=" " tag="130"><subfield code="a">Sullivan Whig (Bloomingburgh, N.Y. : 1820)</subfield></datafield><datafield ind1="1" ind2="4" tag="245"><subfield code="a">The Sullivan Whig.</subfield></datafield><datafield ind1=" " ind2=" " tag="260"><subfield code="a">Bloomingburgh, N.Y. :</subfield><subfield code="b">J.J. Tappen</subfield></datafield><datafield ind1=" " ind2=" " tag="300"><subfield code="a">v. ;</subfield><subfield code="c">51 cm.</subfield></datafield><datafield ind1=" " ind2=" " tag="310"><subfield code="a">Weekly</subfield></datafield><datafield ind1="1" ind2=" " tag="362"><subfield code="a">Began in Dec. 1820.</subfield><subfield code="z">Cf. Brigham, C.S. Amer. newspapers.</subfield></datafield><datafield ind1="1" ind2=" " tag="362"><subfield code="a">Ceased in 1828.</subfield><subfield code="z">Cf. French, J.H. Gazetteer of the State of N.Y., 1860.</subfield></datafield><datafield ind1=" " ind2=" " tag="500"><subfield code="a">Editor: John Jansen Tappen.</subfield></datafield><datafield ind1=" " ind2=" " tag="500"><subfield code="a">References: Brigham, C.S. Amer. newspapers, p. 554.</subfield></datafield><datafield ind1=" " ind2=" " tag="580"><subfield code="a">Continued by: Republican watchman (Monticello, N.Y.). Cf. French, J.H. Gazetteer of the State of N.Y., 1860.</subfield></datafield><datafield ind1=" " ind2=" " tag="588"><subfield code="a">Description based on: Vol. 2, no. 65 (Mar. 13, 1822).</subfield></datafield><datafield ind1=" " ind2="0" tag="651"><subfield code="a">Bloomingburg (N.Y.)</subfield><subfield code="v">Newspapers.</subfield></datafield><datafield ind1=" " ind2="7" tag="655"><subfield code="a">Newspapers.</subfield><subfield code="2">fast</subfield><subfield code="0">(OCoLC)fst01423814</subfield></datafield><datafield ind1=" " ind2="7" tag="651"><subfield code="a">New York (State)</subfield><subfield code="z">Bloomingburg.</subfield><subfield code="2">fast</subfield><subfield code="0">(OCoLC)fst01274060</subfield></datafield><datafield ind1="1" ind2=" " tag="700"><subfield code="a">Tappen, John Jansen.</subfield></datafield><datafield ind1=" " ind2=" " tag="752"><subfield code="a">United States</subfield><subfield code="b">New York</subfield><subfield code="c">Sullivan</subfield><subfield code="d">Bloomingburgh.</subfield></datafield><datafield ind1="1" ind2="0" tag="785"><subfield code="t">Republican watchman (Monticello, N.Y. : 1828)</subfield><subfield code="w">(DLC)sn 83031367</subfield></datafield></record>